<collection xmlns="http://www.loc.gov/MARC21/slim">
<record>
  <leader>01169nam0a2200253 i 450 </leader>
  <controlfield tag="001">IT\ICCU\CNCE\012015</controlfield>
  <controlfield tag="005">20070914000000.0</controlfield>
  <datafield tag="012" ind1=" " ind2=" ">
    <subfield code="a">n.s, ex,&amp; o..R Qu&amp;p (3) 1600 (A)</subfield>
    <subfield code="2">fei</subfield>
  </datafield>
  <datafield tag="100" ind1=" " ind2=" ">
    <subfield code="a">19970101d1600        0itac0103    ba</subfield>
  </datafield>
  <datafield tag="101" ind1=" " ind2=" ">
    <subfield code="a">LAT</subfield>
  </datafield>
  <datafield tag="102" ind1=" " ind2=" ">
    <subfield code="a">IT</subfield>
  </datafield>
  <datafield tag="200" ind1="1" ind2=" ">
    <subfield code="a">Cathecumenum secundum ritum Sanctae Romanae Ecclesiae nuper correctum ad vsum communem Ecclesiae</subfield>
  </datafield>
  <datafield tag="210" ind1=" " ind2=" ">
    <subfield code="a">Mutinae</subfield>
    <subfield code="c">apud Ioannem Mariam de Verdis</subfield>
    <subfield code="d">1600</subfield>
    <subfield code="e">Mutinae</subfield>
    <subfield code="g">apud Ioannem Mariam de Verdis</subfield>
    <subfield code="h">1600</subfield>
  </datafield>
  <datafield tag="215" ind1=" " ind2=" ">
    <subfield code="a">52, \4! p.</subfield>
    <subfield code="c">ill.</subfield>
    <subfield code="d">4ʻ</subfield>
  </datafield>
  <datafield tag="500" ind1="1" ind2="0">
    <subfield code="3">IT\ICCU\CNCE\037225</subfield>
    <subfield code="a">Rituale</subfield>
  </datafield>
  <datafield tag="620" ind1=" " ind2=" ">
    <subfield code="a">IT</subfield>
    <subfield code="d">Modena</subfield>
  </datafield>
  <datafield tag="710" ind1="0" ind2="2">
    <subfield code="a">Chiesa cattolica</subfield>
    <subfield code="3">6731</subfield>
  </datafield>
  <datafield tag="712" ind1="0" ind2="0">
    <subfield code="a">Verdi, Giovanni Maria</subfield>
    <subfield code="3">IT\ICCU\CNCT\001473</subfield>
    <subfield code="4">650</subfield>
  </datafield>
  <datafield tag="791" ind1="0" ind2="0">
    <subfield code="a">Verde, Giovanni Maria</subfield>
    <subfield code="3">IT\ICCU\CNCT\002937</subfield>
    <subfield code="z">Verdi, Giovanni Maria</subfield>
  </datafield>
  <datafield tag="791" ind1="0" ind2="0">
    <subfield code="a">De_Verdis, Ioannes Maria</subfield>
    <subfield code="3">IT\ICCU\CNCT\002938</subfield>
    <subfield code="z">Verdi, Giovanni Maria</subfield>
  </datafield>
  <datafield tag="801" ind1=" " ind2="3">
    <subfield code="a">IT</subfield>
    <subfield code="b">ICCU</subfield>
    <subfield code="c">20201113</subfield>
  </datafield>
  <datafield tag="899" ind1=" " ind2=" ">
    <subfield code="a">Biblioteca Estense Universitaria. Modena</subfield>
    <subfield code="1">MO0089</subfield>
    <subfield code="2">MOD BE</subfield>
  </datafield>
  <datafield tag="911" ind1=" " ind2=" ">
    <subfield code="a">Sul coloph.</subfield>
    <subfield code="9">IT\ICCU\CNCM\001499</subfield>
  </datafield>
  <datafield tag="921" ind1=" " ind2=" ">
    <subfield code="a">IT\ICCU\CNCM\001499</subfield>
    <subfield code="b">Pino ricco di pigne sul cui tronco si avvolge un ramo di edera</subfield>
    <subfield code="e">Sua cuique dies</subfield>
    <subfield code="c">U420</subfield>
    <subfield code="d">Dimensioni: 4 x 5,5</subfield>
    <subfield code="f">PINI</subfield>
    <subfield code="f">EDERA</subfield>
    <subfield code="f">SUACUIQUED</subfield>
    <subfield code="g">1568-1600</subfield>
  </datafield>
</record>
</collection>
